<?xml version="1.0" encoding="UTF-8"?><collection xmlns="http://www.loc.gov/MARC21/slim"><record><leader>00368nam--2200133-i-4500</leader><controlfield tag="001">000030495</controlfield><controlfield tag="002">20161230</controlfield><controlfield tag="005">20161230201038</controlfield><controlfield tag="008">060222s1000------------r-----000-0-eng-d</controlfield><datafield ind1=" " ind2=" " tag="080"><subfield code="a">530.1</subfield></datafield><datafield ind1=" " ind2=" " tag="100"><subfield code="a">Lutterodt, C.H</subfield></datafield><datafield ind1=" " ind2=" " tag="245"><subfield code="a">A two dimension analogue of pade approximant theory</subfield></datafield><datafield ind1=" " ind2=" " tag="260"><subfield code="a">Birmingham, Department Of Mathematical Physics, /F.An/, 18p</subfield></datafield><datafield ind1=" " ind2=" " tag="852"><subfield code="a">29879</subfield></datafield></record></collection>